<collection xmlns="http://www.loc.gov/MARC21/slim">
<record>
  <leader>02104ncm0a22003371i 450 </leader>
  <controlfield tag="001">IT\ICCU\CNCE\045869</controlfield>
  <controlfield tag="005">20140115000000.0</controlfield>
  <datafield tag="100" ind1=" " ind2=" ">
    <subfield code="a">19990126d1590        0itac0103    ba</subfield>
  </datafield>
  <datafield tag="101" ind1=" " ind2=" ">
    <subfield code="a">ITA</subfield>
  </datafield>
  <datafield tag="102" ind1=" " ind2=" ">
    <subfield code="a">IT</subfield>
  </datafield>
  <datafield tag="200" ind1="1" ind2=" ">
    <subfield code="a">Selua di varia ricreatione di Horatio Vecchi, nella quale si contengono varij soggetti,  ̉3,  ̉4,  ̉5,  ̉6,  ̉7,  ̉8,  ̉9, &amp;  ̉10 voci, cio ̈madrigali, capricci, balli, arie, iustiniane, canzonette, fantasie, serenate, dialoghi, vn lotto amoroso; con vnabattaglia  ̉diece nel fine, et accommodatoui la intauolatura di liuto alle arie, ai balli, et alle canzonette. Nouamente composta, e data in luce</subfield>
  </datafield>
  <datafield tag="210" ind1=" " ind2=" ">
    <subfield code="a">In Venetia</subfield>
    <subfield code="c">appresso Angelo Gardano</subfield>
    <subfield code="d">1590</subfield>
  </datafield>
  <datafield tag="215" ind1=" " ind2=" ">
    <subfield code="a">10 fasc.; 4ʻ</subfield>
  </datafield>
  <datafield tag="300" ind1=" " ind2=" ">
    <subfield code="a">S, A, T, B, 5, 6, 7, 8, 9, 10</subfield>
  </datafield>
  <datafield tag="620" ind1=" " ind2=" ">
    <subfield code="a">IT</subfield>
    <subfield code="d">Venezia</subfield>
  </datafield>
  <datafield tag="700" ind1=" " ind2="1">
    <subfield code="a">Vecchi,</subfield>
    <subfield code="b">Orazio</subfield>
    <subfield code="3">IT\ICCU\CNCA\011996</subfield>
  </datafield>
  <datafield tag="712" ind1="0" ind2="0">
    <subfield code="a">Gardane, Angelo</subfield>
    <subfield code="3">IT\ICCU\CNCT\001443</subfield>
    <subfield code="4">650</subfield>
  </datafield>
  <datafield tag="790" ind1=" " ind2="1">
    <subfield code="a">Vecchius,</subfield>
    <subfield code="b">Horatius</subfield>
    <subfield code="3">IT\ICCU\CNCA\024534</subfield>
    <subfield code="z">Vecchi, Orazio</subfield>
  </datafield>
  <datafield tag="791" ind1="0" ind2="0">
    <subfield code="a">Gardanus, Angelus</subfield>
    <subfield code="3">IT\ICCU\CNCT\004834</subfield>
    <subfield code="z">Gardane, Angelo</subfield>
  </datafield>
  <datafield tag="791" ind1="0" ind2="0">
    <subfield code="a">Gardano, Angelo</subfield>
    <subfield code="3">IT\ICCU\CNCT\004835</subfield>
    <subfield code="z">Gardane, Angelo</subfield>
  </datafield>
  <datafield tag="801" ind1=" " ind2="3">
    <subfield code="a">IT</subfield>
    <subfield code="b">ICCU</subfield>
    <subfield code="c">20201114</subfield>
  </datafield>
  <datafield tag="899" ind1=" " ind2=" ">
    <subfield code="a">Biblioteca estera - Det Kongelige Bibliotek. Copenhagen</subfield>
    <subfield code="1">AA0015</subfield>
  </datafield>
  <datafield tag="899" ind1=" " ind2=" ">
    <subfield code="a">Museo Internazionale e Biblioteca della Musica. Bologna</subfield>
    <subfield code="1">BO0310</subfield>
    <subfield code="2">UBO BM</subfield>
  </datafield>
  <datafield tag="899" ind1=" " ind2=" ">
    <subfield code="a">Archivio musicale della Basilica di S. Petronio. Bologna</subfield>
    <subfield code="1">BO0515</subfield>
    <subfield code="2">ZBO 12</subfield>
  </datafield>
  <datafield tag="899" ind1=" " ind2=" ">
    <subfield code="a">Biblioteca nazionale centrale. Firenze</subfield>
    <subfield code="1">FI0098</subfield>
    <subfield code="2">CFI CF</subfield>
  </datafield>
  <datafield tag="899" ind1=" " ind2=" ">
    <subfield code="a">Biblioteca e Archivio capitolare del Duomo. Piacenza</subfield>
    <subfield code="z">(5,7,10)</subfield>
    <subfield code="1">PC0033</subfield>
    <subfield code="2">ZPC 15</subfield>
  </datafield>
  <datafield tag="899" ind1=" " ind2=" ">
    <subfield code="a">Biblioteca musicale governativa del Conservatorio di musica S. Cecilia. Roma</subfield>
    <subfield code="z">(S,A,B,5,6)</subfield>
    <subfield code="1">RM0266</subfield>
    <subfield code="2">RMR SC</subfield>
  </datafield>
  <datafield tag="899" ind1=" " ind2=" ">
    <subfield code="a">Biblioteca dell&apos;Accademia musicale Chigiana. Siena</subfield>
    <subfield code="z">(9,10)</subfield>
    <subfield code="1">SI0051</subfield>
    <subfield code="2">RT1 PS</subfield>
  </datafield>
  <datafield tag="899" ind1=" " ind2=" ">
    <subfield code="a">Biblioteca della Casa di Goldoni. Venezia</subfield>
    <subfield code="z">(A)</subfield>
    <subfield code="1">VE0063</subfield>
    <subfield code="2">VEA CG</subfield>
  </datafield>
  <datafield tag="911" ind1=" " ind2=" ">
    <subfield code="a">Sul front.</subfield>
    <subfield code="9">IT\ICCU\CNCM\002503</subfield>
  </datafield>
  <datafield tag="921" ind1=" " ind2=" ">
    <subfield code="a">IT\ICCU\CNCM\002503</subfield>
    <subfield code="b">Leone ed orso rampanti sorreggono una rosa con al centro un giglio. Ai lati del fiore le iniziali: A.G.</subfield>
    <subfield code="e">Concordes virtute et naturae miraculis</subfield>
    <subfield code="c">U1021</subfield>
    <subfield code="f">LEONE</subfield>
    <subfield code="f">ORSO</subfield>
    <subfield code="f">CONCORDESV</subfield>
    <subfield code="g">1569-1590</subfield>
  </datafield>
</record>
</collection>
